
@String(PAMI = {IEEE Trans. Pattern Anal. Mach. Intell.})
@String(IJCV = {Int. J. Comput. Vis.})
@String(CVPR= {IEEE Conf. Comput. Vis. Pattern Recog.})
@String(ICCV= {Int. Conf. Comput. Vis.})
@String(ECCV= {Eur. Conf. Comput. Vis.})
@String(NIPS= {Adv. Neural Inform. Process. Syst.})
@String(ICPR = {Int. Conf. Pattern Recog.})
@String(BMVC= {Brit. Mach. Vis. Conf.})
@String(TOG= {ACM Trans. Graph.})
@String(TIP  = {IEEE Trans. Image Process.})
@String(TVCG  = {IEEE Trans. Vis. Comput. Graph.})
@String(TMM  = {IEEE Trans. Multimedia})
@String(ACMMM= {ACM Int. Conf. Multimedia})
@String(ICME = {Int. Conf. Multimedia and Expo})
@String(ICASSP=	{ICASSP})
@String(ICIP = {IEEE Int. Conf. Image Process.})
@String(ACCV  = {ACCV})
@String(ICLR = {Int. Conf. Learn. Represent.})
@String(IJCAI = {IJCAI})
@String(PR   = {Pattern Recognition})
@String(AAAI = {AAAI})
@String(CVPRW= {IEEE Conf. Comput. Vis. Pattern Recog. Worksh.})
@String(CSVT = {IEEE Trans. Circuit Syst. Video Technol.})

@String(SPL	= {IEEE Sign. Process. Letters})
@String(VR   = {Vis. Res.})
@String(JOV	 = {J. Vis.})
@String(TVC  = {The Vis. Comput.})
@String(JCST  = {J. Comput. Sci. Tech.})
@String(CGF  = {Comput. Graph. Forum})
@String(CVM = {Computational Visual Media})


@String(PAMI  = {IEEE TPAMI})
@String(IJCV  = {IJCV})
@String(CVPR  = {CVPR})
@String(ICCV  = {ICCV})
@String(ECCV  = {ECCV})
@String(NIPS  = {NeurIPS})
@String(ICPR  = {ICPR})
@String(BMVC  =	{BMVC})
@String(TOG   = {ACM TOG})
@String(TIP   = {IEEE TIP})
@String(TVCG  = {IEEE TVCG})
@String(TCSVT = {IEEE TCSVT})
@String(TMM   =	{IEEE TMM})
@String(ACMMM = {ACM MM})
@String(ICME  =	{ICME})
@String(ICASSP=	{ICASSP})
@String(ICIP  = {ICIP})
@String(ACCV  = {ACCV})
@String(ICLR  = {ICLR})
@String(IJCAI = {IJCAI})
@String(PR = {PR})
@String(AAAI = {AAAI})
@String(CVPRW= {CVPRW})
@String(CSVT = {IEEE TCSVT})


@misc{rombach2022highresolutionimagesynthesislatent,
      title={High-Resolution Image Synthesis with Latent Diffusion Models}, 
      author={Robin Rombach and Andreas Blattmann and Dominik Lorenz and Patrick Esser and Björn Ommer},
      year={2022},
      eprint={2112.10752},
      archivePrefix={arXiv},
      primaryClass={cs.CV},
      url={https://arxiv.org/abs/2112.10752}, 
}


## sds loss
@article{metzer2022latent,
  title={Latent-NeRF for Shape-Guided Generation of 3D Shapes and Textures},
  author={Metzer, Gal and Richardson, Elad and Patashnik, Or and Giryes, Raja and Cohen-Or, Daniel},
  journal={arXiv preprint arXiv:2211.07600},
  year={2022}
}

@article{poole2022dreamfusion,
  author = {Poole, Ben and Jain, Ajay and Barron, Jonathan T. and Mildenhall, Ben},
  title = {DreamFusion: Text-to-3D using 2D Diffusion},
  journal = {arXiv},
  year = {2022},
}

@misc{wang2022scorejacobianchaininglifting,
      title={Score Jacobian Chaining: Lifting Pretrained 2D Diffusion Models for 3D Generation}, 
      author={Haochen Wang and Xiaodan Du and Jiahao Li and Raymond A. Yeh and Greg Shakhnarovich},
      year={2022},
}

@misc{katzir2024noisefree,
    title={Noise-free Score Distillation},
    author={Oren Katzir and Or Patashnik and Daniel Cohen-Or and Dani Lischinski},
    booktitle={The Twelfth International Conference on Learning Representations},
    year={2024},
    url={https://openreview.net/forum?id=dlIMcmlAdk}
}

@misc{wang2023prolificdreamerhighfidelitydiversetextto3d,
      title={ProlificDreamer: High-Fidelity and Diverse Text-to-3D Generation with Variational Score Distillation}, 
      author={Zhengyi Wang and Cheng Lu and Yikai Wang and Fan Bao and Chongxuan Li and Hang Su and Jun Zhu},
      year={2023},
      eprint={2305.16213},
      archivePrefix={arXiv},
      primaryClass={cs.LG},
      url={https://arxiv.org/abs/2305.16213}, 
}

@misc{lin2023magic3dhighresolutiontextto3dcontent,
      title={Magic3D: High-Resolution Text-to-3D Content Creation}, 
      author={Chen-Hsuan Lin and Jun Gao and Luming Tang and Towaki Takikawa and Xiaohui Zeng and Xun Huang and Karsten Kreis and Sanja Fidler and Ming-Yu Liu and Tsung-Yi Lin},
      year={2023},
      eprint={2211.10440},
      archivePrefix={arXiv},
      primaryClass={cs.CV},
      url={https://arxiv.org/abs/2211.10440}, 
}

@misc{yi2024gaussiandreamerfastgenerationtext,
      title={GaussianDreamer: Fast Generation from Text to 3D Gaussians by Bridging 2D and 3D Diffusion Models}, 
      author={Taoran Yi and Jiemin Fang and Junjie Wang and Guanjun Wu and Lingxi Xie and Xiaopeng Zhang and Wenyu Liu and Qi Tian and Xinggang Wang},
      year={2024},
      eprint={2310.08529},
      archivePrefix={arXiv},
      primaryClass={cs.CV},
      url={https://arxiv.org/abs/2310.08529}, 
}

@misc{tang2024dreamgaussiangenerativegaussiansplatting,
      title={DreamGaussian: Generative Gaussian Splatting for Efficient 3D Content Creation}, 
      author={Jiaxiang Tang and Jiawei Ren and Hang Zhou and Ziwei Liu and Gang Zeng},
      year={2024},
      eprint={2309.16653},
      archivePrefix={arXiv},
      primaryClass={cs.CV},
      url={https://arxiv.org/abs/2309.16653}, 
}

###novel view diffusion models
@misc{watson2022novelviewsynthesisdiffusion,
      title={Novel View Synthesis with Diffusion Models}, 
      author={Daniel Watson and William Chan and Ricardo Martin-Brualla and Jonathan Ho and Andrea Tagliasacchi and Mohammad Norouzi},
      year={2022},
      eprint={2210.04628},
      archivePrefix={arXiv},
      primaryClass={cs.CV},
      url={https://arxiv.org/abs/2210.04628}, 
}

@misc{liu2023zero1to3zeroshotimage3d,
      title={Zero-1-to-3: Zero-shot One Image to 3D Object}, 
      author={Ruoshi Liu and Rundi Wu and Basile Van Hoorick and Pavel Tokmakov and Sergey Zakharov and Carl Vondrick},
      year={2023},
      eprint={2303.11328},
      archivePrefix={arXiv},
      primaryClass={cs.CV},
      url={https://arxiv.org/abs/2303.11328}, 
}

@misc{long2023wonder3dsingleimage3d,
      title={Wonder3D: Single Image to 3D using Cross-Domain Diffusion}, 
      author={Xiaoxiao Long and Yuan-Chen Guo and Cheng Lin and Yuan Liu and Zhiyang Dou and Lingjie Liu and Yuexin Ma and Song-Hai Zhang and Marc Habermann and Christian Theobalt and Wenping Wang},
      year={2023},
      eprint={2310.15008},
      archivePrefix={arXiv},
      primaryClass={cs.CV},
      url={https://arxiv.org/abs/2310.15008}, 
}

@misc{shi2024mvdreammultiviewdiffusion3d,
      title={MVDream: Multi-view Diffusion for 3D Generation}, 
      author={Yichun Shi and Peng Wang and Jianglong Ye and Mai Long and Kejie Li and Xiao Yang},
      year={2024},
      eprint={2308.16512},
      archivePrefix={arXiv},
      primaryClass={cs.CV},
      url={https://arxiv.org/abs/2308.16512}, 
}


@misc{liu2024syncdreamergeneratingmultiviewconsistentimages,
      title={SyncDreamer: Generating Multiview-consistent Images from a Single-view Image}, 
      author={Yuan Liu and Cheng Lin and Zijiao Zeng and Xiaoxiao Long and Lingjie Liu and Taku Komura and Wenping Wang},
      year={2024},
      eprint={2309.03453},
      archivePrefix={arXiv},
      primaryClass={cs.CV},
      url={https://arxiv.org/abs/2309.03453}, 
}

@InProceedings{Szymanowicz_2023_ICCV,
    author    = {Szymanowicz, Stanislaw and Rupprecht, Christian and Vedaldi, Andrea},
    title     = {Viewset Diffusion: (0-)Image-Conditioned 3D Generative Models from 2D Data},
    booktitle = {Proceedings of the IEEE/CVF International Conference on Computer Vision (ICCV)},
    month     = {October},
    year      = {2023},
    pages     = {8863-8873}
}

@misc{shi2023zero123singleimageconsistent,
      title={Zero123++: a Single Image to Consistent Multi-view Diffusion Base Model}, 
      author={Ruoxi Shi and Hansheng Chen and Zhuoyang Zhang and Minghua Liu and Chao Xu and Xinyue Wei and Linghao Chen and Chong Zeng and Hao Su},
      year={2023},
      eprint={2310.15110},
      archivePrefix={arXiv},
      primaryClass={cs.CV},
      url={https://arxiv.org/abs/2310.15110}, 
}

###3d diffusion

## point cloud diffusion models

@misc{3dadapter2024,
    title={3D-Adapter: Geometry-Consistent Multi-View Diffusion for High-Quality 3D Generation},
    author={Hansheng Chen and Bokui Shen and Yulin Liu and Ruoxi Shi and Linqi Zhou and Connor Z. Lin and Jiayuan Gu and Hao Su and Gordon Wetzstein and Leonidas Guibas},
    year={2024},
    eprint={2410.18974},
    archivePrefix={arXiv},
    primaryClass={cs.CV},
    url={https://arxiv.org/abs/2410.18974},
}

@misc{schröppel2024neuralpointclouddiffusion,
      title={Neural Point Cloud Diffusion for Disentangled 3D Shape and Appearance Generation}, 
      author={Philipp Schröppel and Christopher Wewer and Jan Eric Lenssen and Eddy Ilg and Thomas Brox},
      year={2024},
      eprint={2312.14124},
      archivePrefix={arXiv},
      primaryClass={cs.CV},
      url={https://arxiv.org/abs/2312.14124}, 
}

@misc{zhou20213dshapegenerationcompletion,
      title={3D Shape Generation and Completion through Point-Voxel Diffusion}, 
      author={Linqi Zhou and Yilun Du and Jiajun Wu},
      year={2021},
      eprint={2104.03670},
      archivePrefix={arXiv},
      primaryClass={cs.CV},
      url={https://arxiv.org/abs/2104.03670}, 
}

@misc{lyu2023controllablemeshgenerationsparse,
      title={Controllable Mesh Generation Through Sparse Latent Point Diffusion Models}, 
      author={Zhaoyang Lyu and Jinyi Wang and Yuwei An and Ya Zhang and Dahua Lin and Bo Dai},
      year={2023},
      eprint={2303.07938},
      archivePrefix={arXiv},
      primaryClass={cs.CV},
      url={https://arxiv.org/abs/2303.07938}, 
}

@inproceedings{NEURIPS2022_40e56dab,
 author = {zeng, xiaohui and Vahdat, Arash and Williams, Francis and Gojcic, Zan and Litany, Or and Fidler, Sanja and Kreis, Karsten},
 booktitle = {Advances in Neural Information Processing Systems},
 editor = {S. Koyejo and S. Mohamed and A. Agarwal and D. Belgrave and K. Cho and A. Oh},
 pages = {10021--10039},
 publisher = {Curran Associates, Inc.},
 title = {LION: Latent Point Diffusion Models for 3D Shape Generation},
 url = {https://proceedings.neurips.cc/paper_files/paper/2022/file/40e56dabe12095a5fc44a6e4c3835948-Paper-Conference.pdf},
 volume = {35},
 year = {2022}
}

## implicit

@misc{li2023diffusionsdftexttoshapevoxelizeddiffusion,
      title={Diffusion-SDF: Text-to-Shape via Voxelized Diffusion}, 
      author={Muheng Li and Yueqi Duan and Jie Zhou and Jiwen Lu},
      year={2023},
      eprint={2212.03293},
      archivePrefix={arXiv},
      primaryClass={cs.CV},
      url={https://arxiv.org/abs/2212.03293}, 
}

@misc{hui2022neuralwaveletdomaindiffusion3d,
      title={Neural Wavelet-domain Diffusion for 3D Shape Generation}, 
      author={Ka-Hei Hui and Ruihui Li and Jingyu Hu and Chi-Wing Fu},
      year={2022},
      eprint={2209.08725},
      archivePrefix={arXiv},
      primaryClass={cs.CV},
      url={https://arxiv.org/abs/2209.08725}, 
}

## other representation
@misc{zhang2024gaussiancubestructuredexplicitradiance,
      title={GaussianCube: A Structured and Explicit Radiance Representation for 3D Generative Modeling}, 
      author={Bowen Zhang and Yiji Cheng and Jiaolong Yang and Chunyu Wang and Feng Zhao and Yansong Tang and Dong Chen and Baining Guo},
      year={2024},
      eprint={2403.19655},
      archivePrefix={arXiv},
      primaryClass={cs.CV},
      url={https://arxiv.org/abs/2403.19655}, 
}

@misc{yariv2024mosaicsdf3dgenerativemodels,
      title={Mosaic-SDF for 3D Generative Models}, 
      author={Lior Yariv and Omri Puny and Natalia Neverova and Oran Gafni and Yaron Lipman},
      year={2024},
      eprint={2312.09222},
      archivePrefix={arXiv},
      primaryClass={cs.CV},
      url={https://arxiv.org/abs/2312.09222}, 
}

## triplane

@misc{shue20223dneuralfieldgeneration,
      title={3D Neural Field Generation using Triplane Diffusion}, 
      author={J. Ryan Shue and Eric Ryan Chan and Ryan Po and Zachary Ankner and Jiajun Wu and Gordon Wetzstein},
      year={2022},
      eprint={2211.16677},
      archivePrefix={arXiv},
      primaryClass={cs.CV},
      url={https://arxiv.org/abs/2211.16677}, 
}

@misc{gupta20233dgentriplanelatentdiffusion,
      title={3DGen: Triplane Latent Diffusion for Textured Mesh Generation}, 
      author={Anchit Gupta and Wenhan Xiong and Yixin Nie and Ian Jones and Barlas Oğuz},
      year={2023},
      eprint={2303.05371},
      archivePrefix={arXiv},
      primaryClass={cs.CV},
      url={https://arxiv.org/abs/2303.05371}, 
}

@misc{chen2023singlestagediffusionnerfunified,
      title={Single-Stage Diffusion NeRF: A Unified Approach to 3D Generation and Reconstruction}, 
      author={Hansheng Chen and Jiatao Gu and Anpei Chen and Wei Tian and Zhuowen Tu and Lingjie Liu and Hao Su},
      year={2023},
      eprint={2304.06714},
      archivePrefix={arXiv},
      primaryClass={cs.CV},
      url={https://arxiv.org/abs/2304.06714}, 
}


## 3d variations/editing 
@misc{liu2023meshdiffusionscorebasedgenerative3d,
      title={MeshDiffusion: Score-based Generative 3D Mesh Modeling}, 
      author={Zhen Liu and Yao Feng and Michael J. Black and Derek Nowrouzezahrai and Liam Paull and Weiyang Liu},
      year={2023},
      eprint={2303.08133},
      archivePrefix={arXiv},
      primaryClass={cs.GR},
      url={https://arxiv.org/abs/2303.08133}, 
}

@misc{hu2023neuralwaveletdomaindiffusion3d,
      title={Neural Wavelet-domain Diffusion for 3D Shape Generation, Inversion, and Manipulation}, 
      author={Jingyu Hu and Ka-Hei Hui and Zhengzhe Liu and Ruihui Li and Chi-Wing Fu},
      year={2023},
      eprint={2302.00190},
      archivePrefix={arXiv},
      primaryClass={cs.CV},
      url={https://arxiv.org/abs/2302.00190}, 
}

##fast mesh reconstruction 

@misc{liu2023one2345singleimage3d,
      title={One-2-3-45: Any Single Image to 3D Mesh in 45 Seconds without Per-Shape Optimization}, 
      author={Minghua Liu and Chao Xu and Haian Jin and Linghao Chen and Mukund Varma T and Zexiang Xu and Hao Su},
      year={2023},
      eprint={2306.16928},
      archivePrefix={arXiv},
      primaryClass={cs.CV},
      url={https://arxiv.org/abs/2306.16928}, 
}

@misc{hong2024lrmlargereconstructionmodel,
      title={LRM: Large Reconstruction Model for Single Image to 3D}, 
      author={Yicong Hong and Kai Zhang and Jiuxiang Gu and Sai Bi and Yang Zhou and Difan Liu and Feng Liu and Kalyan Sunkavalli and Trung Bui and Hao Tan},
      year={2024},
      eprint={2311.04400},
      archivePrefix={arXiv},
      primaryClass={cs.CV},
      url={https://arxiv.org/abs/2311.04400}, 
}


## nerf editing 
@misc{haque2023instructnerf2nerfediting3dscenes,
      title={Instruct-NeRF2NeRF: Editing 3D Scenes with Instructions}, 
      author={Ayaan Haque and Matthew Tancik and Alexei A. Efros and Aleksander Holynski and Angjoo Kanazawa},
      year={2023},
      eprint={2303.12789},
      archivePrefix={arXiv},
      primaryClass={cs.CV},
      url={https://arxiv.org/abs/2303.12789}, 
}

@misc{sella2023voxetextguidedvoxelediting,
      title={Vox-E: Text-guided Voxel Editing of 3D Objects}, 
      author={Etai Sella and Gal Fiebelman and Peter Hedman and Hadar Averbuch-Elor},
      year={2023},
      eprint={2303.12048},
      archivePrefix={arXiv},
      primaryClass={cs.CV},
      url={https://arxiv.org/abs/2303.12048}, 
}

@misc{koo2024posteriordistillationsampling,
      title={Posterior Distillation Sampling}, 
      author={Juil Koo and Chanho Park and Minhyuk Sung},
      year={2024},
      eprint={2311.13831},
      archivePrefix={arXiv},
      primaryClass={cs.CV},
      url={https://arxiv.org/abs/2311.13831}, 
}


###controlabble generation and Editing
@misc{hertz2022spaghettieditingimplicitshapes,
      title={SPAGHETTI: Editing Implicit Shapes Through Part Aware Generation}, 
      author={Amir Hertz and Or Perel and Raja Giryes and Olga Sorkine-Hornung and Daniel Cohen-Or},
      year={2022},
      eprint={2201.13168},
      archivePrefix={arXiv},
      primaryClass={cs.GR},
      url={https://arxiv.org/abs/2201.13168}, 
}

@misc{dong2024coin3dcontrollableinteractive3d,
      title={Coin3D: Controllable and Interactive 3D Assets Generation with Proxy-Guided Conditioning}, 
      author={Wenqi Dong and Bangbang Yang and Lin Ma and Xiao Liu and Liyuan Cui and Hujun Bao and Yuewen Ma and Zhaopeng Cui},
      year={2024},
      eprint={2405.08054},
      archivePrefix={arXiv},
      primaryClass={cs.GR},
      url={https://arxiv.org/abs/2405.08054}, 
}


@misc{sella2024spiceestructuralpriors,
      title={Spice-E : Structural Priors in 3D Diffusion using Cross-Entity Attention}, 
      author={Etai Sella and Gal Fiebelman and Noam Atia and Hadar Averbuch-Elor},
      year={2024},
      eprint={2311.17834},
      archivePrefix={arXiv},
      primaryClass={cs.CV},
      url={https://arxiv.org/abs/2311.17834}, 
}

However, unlike
SDFusion which requires training from scratch for each application,
our work leverages pretrained text–3D diffusion models, allowing
for a quick finetuning of these models without necessarily having
access to the data or a vast number of high-end GPUs
@misc{cheng2023sdfusionmultimodal3dshape,
      title={SDFusion: Multimodal 3D Shape Completion, Reconstruction, and Generation}, 
      author={Yen-Chi Cheng and Hsin-Ying Lee and Sergey Tulyakov and Alexander Schwing and Liangyan Gui},
      year={2023},
}



@misc{Authors14b,
 author = {FirstName LastName},
 title = {Frobnication tutorial},
 note = {Supplied as supplemental material {\tt tr.pdf}},
 year = 2014
}

@article{Alpher02,
author = {FirstName Alpher},
title = {Frobnication},
journal = PAMI,
volume = 12,
number = 1,
pages = {234--778},
year = 2002
}

@article{Alpher03,
author = {FirstName Alpher and  FirstName Fotheringham-Smythe},
title = {Frobnication revisited},
journal = {Journal of Foo},
volume = 13,
number = 1,
pages = {234--778},
year = 2003
}

@article{Alpher04,
author = {FirstName Alpher and FirstName Fotheringham-Smythe and FirstName Gamow},
title = {Can a machine frobnicate?},
journal = {Journal of Foo},
volume = 14,
number = 1,
pages = {234--778},
year = 2004
}

@inproceedings{Alpher05,
author = {FirstName Alpher and FirstName Gamow},
title = {Can a computer frobnicate?},
booktitle = CVPR,
pages = {234--778},
year = 2005
}




@InProceedings{chen2023fantasia3d,
  author={Chen, Rui and Chen, Yongwei and Jiao, Ningxin and Jia, Kui},
  title={Fantasia3D: Disentangling Geometry and Appearance for High-quality Text-to-3D Content Creation},
  booktitle={Proceedings of the IEEE/CVF International Conference on Computer Vision (ICCV)},
  month={October},
  year={2023},
  pages={22246-22256}
}




@article{wang2023prolificdreamer,
      title={ProlificDreamer: High-Fidelity and Diverse Text-to-3D Generation with Variational Score Distillation},
      author={Zhengyi Wang and Cheng Lu and Yikai Wang and Fan Bao and Chongxuan Li and Hang Su and Jun Zhu},
      journal={arXiv preprint arXiv:2305.16213},
      year={2023}
}

@misc{liu2023zero1to3,
      title={Zero-1-to-3: Zero-shot One Image to 3D Object}, 
      author={Ruoshi Liu and Rundi Wu and Basile Van Hoorick and Pavel Tokmakov and Sergey Zakharov and Carl Vondrick},
      year={2023},
      eprint={2303.11328},
      archivePrefix={arXiv},
      primaryClass={cs.CV}
}


@inproceedings{
shi2024mvdream,
title={{MVD}ream: Multi-view Diffusion for 3D Generation},
author={Yichun Shi and Peng Wang and Jianglong Ye and Long Mai and Kejie Li and Xiao Yang},
booktitle={The Twelfth International Conference on Learning Representations},
year={2024},
url={https://openreview.net/forum?id=FUgrjq2pbB}
}

@article{wang2023imagedream,
  author = {Wang, Peng and Shi, Yichun},
  title = {ImageDream: Image-Prompt Multi-view Diffusion for 3D Generation},
  journal = {arXiv preprint arXiv:2312.02201},
  year = {2023},
}

@article{liu2023one2345,
  title={One-2-3-45: Any single image to 3d mesh in 45 seconds without per-shape optimization},
  author={Liu, Minghua and Xu, Chao and Jin, Haian and Chen, Linghao and Varma T, Mukund and Xu, Zexiang and Su, Hao},
  journal={Advances in Neural Information Processing Systems},
  volume={36},
  year={2024}
}

@article{liu2023one2345++,
  title={One-2-3-45++: Fast Single Image to 3D Objects with Consistent Multi-View Generation and 3D Diffusion},
  author={Minghua Liu and Ruoxi Shi and Linghao Chen and Zhuoyang Zhang and Chao Xu and Xinyue Wei and Hansheng Chen and Chong Zeng and Jiayuan Gu and Hao Su},
  journal={arXiv preprint arXiv:2311.07885},
  year={2023}
}

@article{xu2024instantmesh,
  title={InstantMesh: Efficient 3D Mesh Generation from a Single Image with Sparse-view Large Reconstruction Models},
  author={Xu, Jiale and Cheng, Weihao and Gao, Yiming and Wang, Xintao and Gao, Shenghua and Shan, Ying},
  journal={arXiv preprint arXiv:2404.07191},
  year={2024}
}


@article{instant3d2023,
    author = {Jiahao Li and Hao Tan and Kai Zhang and Zexiang Xu and Fujun Luan and Yinghao Xu and Yicong Hong and Kalyan Sunkavalli and Greg Shakhnarovich and Sai Bi},
    title = {Instant3D: Fast Text-to-3D with Sparse-View Generation and Large Reconstruction Model},
    journal = {https://arxiv.org/abs/2311.06214},
    year = {2023},
    }

@article{hong2023lrm,
  title={Lrm: Large reconstruction model for single image to 3d},
  author={Hong, Yicong and Zhang, Kai and Gu, Jiuxiang and Bi, Sai and Zhou, Yang and Liu, Difan and Liu, Feng and Sunkavalli, Kalyan and Bui, Trung and Tan, Hao},
  journal={arXiv preprint arXiv:2311.04400},
  year={2023}
}

@misc{jun2023shape,
    title={Shap-E: Generating Conditional 3D Implicit Functions},
    author={Heewoo Jun and Alex Nichol},
    year={2023},
    eprint={2305.02463},
    archivePrefix={arXiv},
    primaryClass={cs.CV}
}

@misc{nichol2022pointe,
    title={Point-E: A System for Generating 3D Point Clouds from Complex Prompts},
    author={Alex Nichol and Heewoo Jun and Prafulla Dhariwal and Pamela Mishkin and Mark Chen},
    year={2022},
    eprint={2212.08751},
    archivePrefix={arXiv},
    primaryClass={cs.CV}
}

@inproceedings{Deitke_2023,
   title={Objaverse: A Universe of Annotated 3D Objects},
   url={http://dx.doi.org/10.1109/CVPR52729.2023.01263},
   DOI={10.1109/cvpr52729.2023.01263},
   booktitle={2023 IEEE/CVF Conference on Computer Vision and Pattern Recognition (CVPR)},
   publisher={IEEE},
   author={Deitke, Matt and Schwenk, Dustin and Salvador, Jordi and Weihs, Luca and Michel, Oscar and VanderBilt, Eli and Schmidt, Ludwig and Ehsanit, Kiana and Kembhavi, Aniruddha and Farhadi, Ali},
   year={2023},
   month=jun }


@misc{sella2024spicee,
title={Spice-E : Structural Priors in 3D Diffusion using Cross-Entity Attention},
author={Etai Sella and Gal Fiebelman and Noam Atia and Hadar Averbuch-Elor},
year={2024},
eprint={2311.17834},
archivePrefix={arXiv},
primaryClass={cs.CV}
}

@misc{deitke2023objaversexluniverse10m3d,
      title={Objaverse-XL: A Universe of 10M+ 3D Objects}, 
      author={Matt Deitke and Ruoshi Liu and Matthew Wallingford and Huong Ngo and Oscar Michel and Aditya Kusupati and Alan Fan and Christian Laforte and Vikram Voleti and Samir Yitzhak Gadre and Eli VanderBilt and Aniruddha Kembhavi and Carl Vondrick and Georgia Gkioxari and Kiana Ehsani and Ludwig Schmidt and Ali Farhadi},
      year={2023},
      eprint={2307.05663},
      archivePrefix={arXiv},
      primaryClass={cs.CV},
      url={https://arxiv.org/abs/2307.05663}, 
}

@misc{song2022denoisingdiffusionimplicitmodels,
      title={Denoising Diffusion Implicit Models}, 
      author={Jiaming Song and Chenlin Meng and Stefano Ermon},
      year={2022},
      eprint={2010.02502},
      archivePrefix={arXiv},
      primaryClass={cs.LG},
      url={https://arxiv.org/abs/2010.02502}, 
}
@article{luo2023scalable,
      title={Scalable 3D Captioning with Pretrained Models},
      author={Luo, Tiange and Rockwell, Chris and Lee, Honglak and Johnson, Justin},
      journal={arXiv preprint arXiv:2306.07279},
      year={2023}
}

@article{luo2024view,
      title={View Selection for 3D Captioning via Diffusion Ranking},
      author={Luo, Tiange and Johnson, Justin and Lee, Honglak},
      journal={arXiv preprint arXiv:2404.07984},
      year={2024}
}
@inproceedings{li2023blip2,
      title={{BLIP-2:} Bootstrapping Language-Image Pre-training with Frozen Image Encoders and Large Language Models}, 
      author={Junnan Li and Dongxu Li and Silvio Savarese and Steven Hoi},
      year={2023},
      booktitle={ICML},
}

@article{ho2020denoising,
  title={Denoising Diffusion Probabilistic Models},
  author={Jonathan Ho and Ajay Jain and Pieter Abbeel},
  year={2020},
  journal={arXiv preprint arxiv:2006.11239}
}

@misc{ramesh2022hierarchical,
    title={Hierarchical Text-Conditional Image Generation with CLIP Latents},
    author={Aditya Ramesh and Prafulla Dhariwal and Alex Nichol and Casey Chu and Mark Chen},
    year={2022},
    eprint={2204.06125},
    archivePrefix={arXiv},
    primaryClass={cs.CV}
}
@misc{cohen2024sliceditzeroshotvideoediting,
      title={Slicedit: Zero-Shot Video Editing With Text-to-Image Diffusion Models Using Spatio-Temporal Slices}, 
      author={Nathaniel Cohen and Vladimir Kulikov and Matan Kleiner and Inbar Huberman-Spiegelglas and Tomer Michaeli},
      year={2024},
      eprint={2405.12211},
      archivePrefix={arXiv},
      primaryClass={cs.CV},
      url={https://arxiv.org/abs/2405.12211}, 
}
@misc{https://doi.org/10.48550/arxiv.2204.11824,
  doi = {10.48550/ARXIV.2204.11824},
  url = {https://arxiv.org/abs/2204.11824},
  author = {Blattmann, Andreas and Rombach, Robin and Oktay, Kaan and Ommer, Björn},
  keywords = {Computer Vision and Pattern Recognition (cs.CV), FOS: Computer and information sciences, FOS: Computer and information sciences},
  title = {Retrieval-Augmented Diffusion Models},
  publisher = {arXiv},
  year = {2022},  
  copyright = {arXiv.org perpetual, non-exclusive license}
}

@misc{saharia2022photorealistictexttoimagediffusionmodels,
      title={Photorealistic Text-to-Image Diffusion Models with Deep Language Understanding}, 
      author={Chitwan Saharia and William Chan and Saurabh Saxena and Lala Li and Jay Whang and Emily Denton and Seyed Kamyar Seyed Ghasemipour and Burcu Karagol Ayan and S. Sara Mahdavi and Rapha Gontijo Lopes and Tim Salimans and Jonathan Ho and David J Fleet and Mohammad Norouzi},
      year={2022},
      eprint={2205.11487},
      archivePrefix={arXiv},
      primaryClass={cs.CV},
      url={https://arxiv.org/abs/2205.11487}, 
}

@article{hertz2022prompt,
  title={Prompt-to-prompt image editing with cross attention control},
  author={Hertz, Amir and Mokady, Ron and Tenenbaum, Jay and Aberman, Kfir and Pritch, Yael and Cohen-Or, Daniel},
  booktitle={arXiv preprint arXiv:2208.01626},
  year={2022}
}

@InProceedings{Avrahami_2022_CVPR,
    author    = {Avrahami, Omri and Lischinski, Dani and Fried, Ohad},
    title     = {Blended Diffusion for Text-Driven Editing of Natural Images},
    booktitle = {Proceedings of the IEEE/CVF Conference on Computer Vision and Pattern Recognition (CVPR)},
    month     = {June},
    year      = {2022},
    pages     = {18208-18218}
}

@InProceedings{Tumanyan_2023_CVPR,
        author    = {Tumanyan, Narek and Geyer, Michal and Bagon, Shai and Dekel, Tali},
        title     = {Plug-and-Play Diffusion Features for Text-Driven Image-to-Image Translation},
        booktitle = {Proceedings of the IEEE/CVF Conference on Computer Vision and Pattern Recognition (CVPR)},
        month     = {June},
        year      = {2023},
        pages     = {1921-1930}
    } 

@InProceedings{Cao_2023_ICCV,
      author    = {Cao, Mingdeng and Wang, Xintao and Qi, Zhongang and Shan, Ying and Qie, Xiaohu and Zheng, Yinqiang},
      title     = {MasaCtrl: Tuning-Free Mutual Self-Attention Control for Consistent Image Synthesis and Editing},
      booktitle = {Proceedings of the IEEE/CVF International Conference on Computer Vision (ICCV)},
      month     = {October},
      year      = {2023},
      pages     = {22560-22570}
  }

@misc{patashnik2024consolidating,
    title={Consolidating Attention Features for Multi-view Image Editing},
    author={Or Patashnik and Rinon Gal and Daniel Cohen-Or and Jun-Yan Zhu and Fernando De la Torre},
    year={2024},
    eprint={2402.14792},
    archivePrefix={arXiv},
    primaryClass={cs.CV}
}

@InProceedings{patashnik2023localizing,
    author    = {Patashnik, Or and Garibi, Daniel and Azuri, Idan and Averbuch-Elor, Hadar and Cohen-Or, Daniel},
    title     = {Localizing Object-level Shape Variations with Text-to-Image Diffusion Models},
    booktitle = {Proceedings of the IEEE/CVF International Conference on Computer Vision (ICCV)},
    year      = {2023}
}

@inproceedings{mokady2023null,
  title={Null-text inversion for editing real images using guided diffusion models},
  author={Mokady, Ron and Hertz, Amir and Aberman, Kfir and Pritch, Yael and Cohen-Or, Daniel},
  booktitle={Proceedings of the IEEE/CVF Conference on Computer Vision and Pattern Recognition},
  pages={6038--6047},
  year={2023}
}

@inproceedings{huberman2024edit,
  title={An edit friendly {DDPM} noise space: Inversion and manipulations},
  author={Huberman-Spiegelglas, Inbar and Kulikov, Vladimir and Michaeli, Tomer},
  booktitle={Proceedings of the IEEE/CVF Conference on Computer Vision and Pattern Recognition},
  pages={12469--12478},
  year={2024}
}

@misc{garibi2024renoise,
        title={ReNoise: Real Image Inversion Through Iterative Noising}, 
        author={Daniel Garibi and Or Patashnik and Andrey Voynov and Hadar Averbuch-Elor and Daniel Cohen-Or},
        year={2024},
        eprint={2403.14602},
        archivePrefix={arXiv},
        primaryClass={cs.CV}
      }

@misc{deutch2024turboedittextbasedimageediting,
  title={TurboEdit: Text-Based Image Editing Using Few-Step Diffusion Models}, 
  author={Gilad Deutch and Rinon Gal and Daniel Garibi and Or Patashnik and Daniel Cohen-Or},
  year={2024},
  eprint={2408.00735},
  archivePrefix={arXiv},
  primaryClass={cs.CV},
  url={https://arxiv.org/abs/2408.00735}, 
}

@article{wu2024turboedit,
  author    = {Wu, Zongze and Kolkin, Nicholas and Brandt, Jonathan and Zhang, Richard and Shechtman, Eli},
  title     = {TurboEdit: Instant text-based image editing},
  journal   = {ECCV},
  year      = {2024},
}

@misc{samuel2023regularized,
  author    = {Dvir Samuel and Barak Meiri and Nir Darshan and Shai Avidan and Gal Chechik and Rami Ben-Ari},
  title     = {Regularized Newton Raphson Inversion for Text-to-Image Diffusion Models},
  year      = {2024}
}

@inproceedings{parmar2023zero,
  title={Zero-shot image-to-image translation},
  author={Parmar, Gaurav and Kumar Singh, Krishna and Zhang, Richard and Li, Yijun and Lu, Jingwan and Zhu, Jun-Yan},
  booktitle={ACM SIGGRAPH 2023 Conference Proceedings},
  pages={1--11},
  year={2023}
}

@InProceedings{brooks2022instructpix2pix,
    author     = {Brooks, Tim and Holynski, Aleksander and Efros, Alexei A.},
    title      = {InstructPix2Pix: Learning to Follow Image Editing Instructions},
    booktitle  = {CVPR},
    year       = {2023},
}


@article{yang2022paint,
  title={Paint by Example: Exemplar-based Image Editing with Diffusion Models},
  author={Binxin Yang and Shuyang Gu and Bo Zhang and Ting Zhang and Xuejin Chen and Xiaoyan Sun and Dong Chen and Fang Wen},
  journal={arXiv preprint arXiv:2211.13227},
  year={2022}
}

@misc{jin2024lvsmlargeviewsynthesis,
      title={LVSM: A Large View Synthesis Model with Minimal 3D Inductive Bias}, 
      author={Haian Jin and Hanwen Jiang and Hao Tan and Kai Zhang and Sai Bi and Tianyuan Zhang and Fujun Luan and Noah Snavely and Zexiang Xu},
      year={2024},
      eprint={2410.17242},
      archivePrefix={arXiv},
      primaryClass={cs.CV},
      url={https://arxiv.org/abs/2410.17242}, 
}

@inproceedings{Richardson_2023, series={SIGGRAPH ’23},
   title={TEXTure: Text-Guided Texturing of 3D Shapes},
   url={http://dx.doi.org/10.1145/3588432.3591503},
   DOI={10.1145/3588432.3591503},
   booktitle={Special Interest Group on Computer Graphics and Interactive Techniques Conference Conference Proceedings},
   publisher={ACM},
   author={Richardson, Elad and Metzer, Gal and Alaluf, Yuval and Giryes, Raja and Cohen-Or, Daniel},
   year={2023},
   month=jul, pages={1–11},
   collection={SIGGRAPH ’23} }

@inproceedings{zhang2023adding,
  title={Adding conditional control to text-to-image diffusion models},
  author={Zhang, Lvmin and Rao, Anyi and Agrawala, Maneesh},
  booktitle={Proceedings of the IEEE/CVF International Conference on Computer Vision},
  pages={3836--3847},
  year={2023}
}

@misc{podell2023sdxlimprovinglatentdiffusion,
      title={SDXL: Improving Latent Diffusion Models for High-Resolution Image Synthesis}, 
      author={Dustin Podell and Zion English and Kyle Lacey and Andreas Blattmann and Tim Dockhorn and Jonas Müller and Joe Penna and Robin Rombach},
      year={2023},
      eprint={2307.01952},
      archivePrefix={arXiv},
      primaryClass={cs.CV},
      url={https://arxiv.org/abs/2307.01952}, 
}

@article{sella2023vox,
 title={Vox-E: Text-guided Voxel Editing of 3D Objects},
 author={Sella, Etai and Fiebelman, Gal and Hedman, Peter and Averbuch-Elor, Hadar},
 journal={arXiv preprint arXiv:2303.12048},
 year={2023}
}

@inproceedings{avrahami2023spatext,
  title={Spatext: Spatio-textual representation for controllable image generation},
  author={Avrahami, Omri and Hayes, Thomas and Gafni, Oran and Gupta, Sonal and Taigman, Yaniv and Parikh, Devi and Lischinski, Dani and Fried, Ohad and Yin, Xi},
  booktitle=CVPR, 
  year={2023}
}

@article{li2023gligen,
  author      = {Li, Yuheng and Liu, Haotian and Wu, Qingyang and Mu, Fangzhou and Yang, Jianwei and Gao, Jianfeng and Li, Chunyuan and Lee, Yong Jae},
  title       = {GLIGEN: Open-Set Grounded Text-to-Image Generation},
  publisher   = {arXiv:2301.07093},
  year        = {2023},
}

@misc{bhat2023loosecontrol,
      title={LooseControl: Lifting ControlNet for Generalized Depth Conditioning}, 
      author={Shariq Farooq Bhat and Niloy J. Mitra and Peter Wonka},
      year={2023},
      eprint={2312.03079},
      archivePrefix={arXiv},
      primaryClass={cs.CV}
}

@misc{zhuang2024gtr,
      title={GTR: Improving Large 3D Reconstruction Models through Geometry and Texture Refinement},
      author={Peiye Zhuang and Songfang Han and Chaoyang Wang and Aliaksandr Siarohin and Jiaxu Zou and Michael Vasilkovsky and Vladislav Shakhrai and Sergey Korolev and Sergey Tulyakov and Hsin-Ying Lee},
      year={2024},
      archivePrefix={arXiv},
      primaryClass={cs.CV}
}

@article{zhang2024geolrm,
  title={GeoLRM: Geometry-Aware Large Reconstruction Model for High-Quality 3D Gaussian Generation},
  author={Chubin Zhang and Hongliang Song and Yi Wei and Yu Chen and Jiwen Lu and Yansong Tang},
  journal={arXiv preprint arXiv:2406.15333},
  year={2024}
}
@misc{mvedit2024,
    title={Generic 3D Diffusion Adapter Using Controlled Multi-View Editing},
    author={Hansheng Chen and Ruoxi Shi and Yulin Liu and Bokui Shen and Jiayuan Gu and Gordon Wetzstein and Hao Su and Leonidas Guibas},
    year={2024},
    eprint={2403.12032},
    archivePrefix={arXiv},
    primaryClass={cs.CV}
}

@inproceedings{
      meng2022sdedit,
      title={{SDE}dit: Guided Image Synthesis and Editing with Stochastic Differential Equations},
      author={Chenlin Meng and Yutong He and Yang Song and Jiaming Song and Jiajun Wu and Jun-Yan Zhu and Stefano Ermon},
      booktitle={International Conference on Learning Representations},
      year={2022},
}

@inproceedings{parmar2021cleanfid,
  title={On Aliased Resizing and Surprising Subtleties in GAN Evaluation},
  author={Parmar, Gaurav and Zhang, Richard and Zhu, Jun-Yan},
  booktitle={CVPR},
  year={2022}
}

@misc{radford2021learning,
    title={Learning Transferable Visual Models From Natural Language Supervision},
    author={Alec Radford and Jong Wook Kim and Chris Hallacy and Aditya Ramesh and Gabriel Goh and Sandhini Agarwal and Girish Sastry and Amanda Askell and Pamela Mishkin and Jack Clark and Gretchen Krueger and Ilya Sutskever},
    year={2021},
    eprint={2103.00020},
    archivePrefix={arXiv},
    primaryClass={cs.CV}
}

@misc{heusel2017gans,
    title={GANs Trained by a Two Time-Scale Update Rule Converge to a Local Nash Equilibrium},
    author={Martin Heusel and Hubert Ramsauer and Thomas Unterthiner and Bernhard Nessler and Sepp Hochreiter},
    year={2017},
    eprint={1706.08500},
    archivePrefix={arXiv},
    primaryClass={cs.LG}
}

@article{chen2023shapeditor,
      title={SHAP-EDITOR: Instruction-guided Latent 3D Editing in Seconds},
      author={Minghao Chen and Junyu Xie and Iro Laina and Andrea Vedaldi},
      journal={arXiv preprint arXiv:2312.09246},
      year={2023}
}
@inproceedings{caron2021emerging,
  title={Emerging properties in self-supervised vision transformers},
  author={Caron, Mathilde and Touvron, Hugo and Misra, Ishan and J{\'e}gou, Herv{\'e} and Mairal, Julien and Bojanowski, Piotr and Joulin, Armand},
  booktitle={Proceedings of the IEEE/CVF international conference on computer vision},
  pages={9650--9660},
  year={2021}
}
@incollection{first-foracks,
  author     = {Zig Zog and Mish Talem},
  title      = {Leaf connectivity graph walks},
  booktitle  = {Greenleaf algorithms},
  year       = {2010},
  pages      = {96--102},
  series     = {Computer Science and Agriculture},
  editor     = {Oliver Forest},
  publisher  = {Waddison-Esley},
  volume     = {230},
}

@incollection{second-foracks,
  author     = {Big Shot and Mish Talem},
  title      = {Efficient solutions of foliage-related problems},
  booktitle  = {Greenleaf algorithms},
  year       = {2011},
  pages      = {239--254},
  series     = {Computer Science and Agriculture},
  editor     = {Loretta Baum},
  publisher  = {Waddison-Esley},
  volume     = {231},
}

@inproceedings{third-foracks,
  author     = {Jane Smith and Mish Talem},
  title      = {Dynamic lettuce programming},
  booktitle  = {Proceedings of AGRIALGO 2010},
  year       = {2012},
  location   = {Somewhere, NY, USA},
  pages      = {123--154},
  publisher  = {Springer},
  location   = {Berlin / Heidelberg},
}